@MISC {aspace,
	author       = "ASPACE",
	title        = "ASPACE Parálisis Cerebral",
	howpublished = "\url{https://aspace.org/}",
	month        = "jan",
	year         = "2019"
}

@MISC {aspacecyl,
	author       = "ASPACE Castilla y León",
	title        = "Qué es la parálisis cerebral",
	howpublished = "\url{https://www.federacionaspacecyl.org/quienes-somos/que-es-la-paralisis-cerebral/}",
	month        = "jan",
	year         = "2019"
}

@article{rosenbaum2007report,
	title={A report: the definition and classification of cerebral palsy April 2006.},
	author={Rosenbaum, Peter and Paneth, Nigel and Leviton, Alan and Goldstein, Murray and Bax, Martin and Damiano, Diane and Dan, Bernard and Jacobsson, Bo},
	journal={Developmental medicine and child neurology. Supplement},
	volume={109},
	pages={8--14},
	year={2007}
}

@MISC {crene,
	author       = "Charo Ariza",
	title        = "Parálisis Cerebral Infantil",
	howpublished = "\url{https://crene.es/paralisis-cerebral-infantil/}",
	month        = "jun",
	year         = "2019"
}

@MISC {causas,
	author       = "NICHD",
	title        = "Causas Parálisis Cerebral",
	howpublished = "\url{https://www1.nichd.nih.gov/espanol/salud/temas/cerebral-palsy/informacion/Pages/causas.aspx}",
	month        = "jun",
	year         = "2019"
}

@MISC {aspacequees,
	author       = "ASPACE",
	title        = "Qué es la parálisis cerebral",
	howpublished = "\url{https://aspace.org/que-es}",
	month        = "jan",
	year         = "2019"
}

@MISC {aspacedatos,
author       = "ASPACE",
title        = "Algunos datos",
howpublished = "\url{https://aspace.org/algunos-datos}",
month        = "jun",
year         = "2019"
}

@MISC {jocomunico,
	author       = "Jocomunico",
	title        = "Herramienta de Comunicación",
	howpublished = "\url{https://jocomunico.com/#/home}",
	month        = "jun",
	year         = "2019"
}

@ARTICLE {analogica,
	author  = "Equipo de colaboradores y profesionales de la revista ARQHYS.com",
	title   = "Señales analógicas",
	journal = "Revista ARQHYS",
	year    = "2012",
	month   = "dec"
}

@book{pierce1995senales,
	title={Señales: la ciencia de las telecomunicaciones},
	author={Pierce, John R and Noll, A Michael},
	pages={27},
	year={1995},
	publisher={Revert{\'e}}
}

@misc{ wiki:formatoaudio,
	author = "Wikipedia",
	title = "Formato de archivo de audio --- Wikipedia{,} La enciclopedia libre",
	year = "2019",
	howpublished = "\url{https://es.wikipedia.org/w/index.php?title=Formato_de_archivo_de_audio&oldid=116651731}",
	note = "[Internet; descargado 13-junio-2019]"
}

@misc{ wiki:codec,
	author = "Wikipedia",
	title = "Códec de audio --- Wikipedia{,} La enciclopedia libre",
	year = "2019",
	howpublished = "\url{https://es.wikipedia.org/w/index.php?title=C%C3%B3dec_de_audio&oldid=114820037}",
	note = "[Internet; descargado 13-junio-2019]"
}

 @misc{ wiki:espec,
	author = "musiki",
	title = "Espectrograma (sonograma) --- musiki{,} ",
	year = "2019",
	howpublished = "\url{http://musiki.org.ar/index.php?title=Espectrograma_(sonograma)&oldid=80207}",
	note = "[En línea; consultado el 14-junio-2019]"
}

@misc{ wiki:sampling,
	author = "{Wikipedia contributors}",
	title = "Sampling (signal processing) --- {Wikipedia}{,} The Free Encyclopedia",
	year = "2019",
	howpublished = "\url{https://en.wikipedia.org/w/index.php?title=Sampling_(signal_processing)&oldid=885036021}",
	note = "[Online; accessed 14-June-2019]"
}

@inproceedings{villa2012automatic,
	title={Automatic detection of laryngeal pathologies using cepstral analysis in Mel and Bark scales},
	author={Villa-Canas, T and Belalcazar-Bola{\~n}os, E and Bedoya-Jaramillo, S and Garces, JF and Orozco-Arroyave, JR and Arias-Londono, JD and Vargas-Bonilla, JF},
	booktitle={2012 XVII Symposium of Image, Signal Processing, and Artificial Vision (STSIVA)},
	pages={116--121},
	year={2012},
	organization={IEEE}
}

@misc{ wiki:mel,
	author = "Wikipedia",
	title = "MFCC --- Wikipedia{,} La enciclopedia libre",
	year = "2019",
	howpublished = "\url{https://es.wikipedia.org/w/index.php?title=MFCC&oldid=113070764}",
	note = "[Internet; descargado 14-junio-2019]"
}

@MISC {mdintro,
	author       = "Rodríguez, Juan José",
	title        = "Introducción a la Minería de Datos",
	howpublished = "Apuntes Minería de Datos, Universidad de Burgos"
}

@MISC {mdrf,
	author       = "Rodríguez, Juan José",
	title        = "Clasificación bayesiana, basada en instancias y por combinaciones",
	howpublished = "Apuntes Minería de Datos, Universidad de Burgos"
}