@book{koza92,
		author    = "Koza, John R.",
		title     = "Genetic Programming: On the Programming of Computers by Means of Natural Selection",
		publisher = "MIT Press",
		year      = "1992"
}


@misc{ wiki:latex,
       author = "Wikipedia",
       title = "LaTeX --- Wikipedia{,} La enciclopedia libre",
       year = "2015",
       url = "https://es.wikipedia.org/w/index.php?title=LaTeX&oldid=84209252",
       note = "[Internet; descargado 30-septiembre-2015]"
}


@MISC {record,
	author       = "Saurel, Sylvain",
	title        = "Create an Audio Recorder for Android",
	howpublished = "\url{https://medium.com/@ssaurel/create-an-audio-recorder-for-android-94dc7874f3d}",
}

@MISC {sueldos,
	author       = "Universidad de Burgos",
	title        = "RETRIBUCIONES SEGÚN II CONVENIO DE PDI LABORAL AÑO 2018",
	howpublished = "\url{https://www.ubu.es/sites/default/files/portal_page/files/pdi_laboral_2018_hasta_junio.pdf}",
}

@MISC {salario,
	author       = "Indeed",
	title        = "Salarios para empleos de Informatico/a en España",
	howpublished = "\url{https://www.indeed.es/salaries/Informatico/a-Salaries}",
}

@MISC {gobees,
	author       = "David Miguel Lozano",
	title        = "Gobees",
	howpublished = "\url{https://github.com/davidmigloz/go-bees/blob/master/ docs/latex/anexos.pdf}",
	month        = "feb",
	year         = "2017"
}

@MISC {arasaac,
	author       = "Gobierno de Aragón",
	title        = "Portal Aragonés de la Comunicación Aumentativa y Alternativa",
	howpublished = "\url{http://www.arasaac.org/}",
	year         = "2019"
}